
Software Engineering Books
________________________________________________________________________________________________________________________

@book{Wazlawick2013:Engenharia,
  title = {Engenharia de software: conceitos e pr{\'a}ticas},
  author = {Wazlawick, Raul},
  publisher = {Elsevier Brasil},
  address = {Rua Sete de Setembro, 111 -- 16º andar, 20050-006 - Centro, Rio de Janeiro -- RJ -- Brasil},
  year = 2013,
  volume = {1},
  pages = {1--2, 6--8, 319},
}

@book{Gamma1995:Design,
  title = {Design patterns: elements of reusable object-oriented software},
  author = {Gamma, Erich and Vlissides, John and Johnson, Ralph and Helm, Richard},
  publisher = {Pearson Education India},
  address = {201 W. 103rd Street, Indianapolis, IN 46290},
  year = 1995,
  pages = {22},
}

@book{Crockford2008:JavaScriptGoodParts,
 author = {Crockford, Douglas},
 title = {JavaScript: The Good Parts},
 publisher = {O'Reilly Media, Inc.},
 address = {1005 Gravenstein Highway North, Sebastopol, CA 95472},
 year = 2008,
 pages = {94},
}

Complex Networks Books
________________________________________________________________________________________________________________________

@book{Barabasi:2003:Linked,
  author = {Barab{\'a}si, Albert L{\'a}szl{\'o}},
  title = {Linked: How Everything is Connected to Everything Else and what it Means for Business, Science, and Everyday Life},
  publisher = {Plume},
  series = {A Plume book},
  address = {},
  year = 2003,
}

@book{Barabasi:2016:Network,
  author = {Barab{\'a}si, Albert L{\'a}szl{\'o} and P{\'o}sfai, M{\'a}rton},
  title = {Network science},
  publisher = {Cambridge University Press},
  address = {Cambridge},
  year = 2016,
}

@book{Borner:2007:Network,
  author = {B{\"o}rner, Katy and Sanyal, Soma and Vespignani, Alessandro},
  title = {Network science: A theoretical and practical framework},
  publisher = {Annual Review of Information Science and Technology},
  address = {Medford, NJ},
  volume = {41},
  number = {1},
  year = 2007,
}

@book{Sayama:2015:Complex,
  author = {Sayama, Hiroki},
  title = {Introduction to the modeling and analysis of complex systems},
  publisher = {Open SUNY Textbooks},
  address = {Geneseo, NY 14454},
  year = 2015,
}

Misc references
________________________________________________________________________________________________________________________

@misc{Henderson:2017:Software,
  author = {Henderson, Fergus},
  title = {Software Engineering at Google},
  url = {http://arxiv.org/abs/1702.01715},
  year = 2017
}

@misc{Thiel:2006:Profiling,
  author = {Thiel, Justin},
  title = {An Overview of Software Performance Analysis Tools and Techniques: From GProf to DTrace},
  url = {http://www.cse.wustl.edu/~jain/cse567-06/sw_monitors1.htm},
  year = 2006
}

Software Cognition, Comprehension and Visualization Articles and Proceedings
________________________________________________________________________________________________________________________

@article{Pacione:2004:Software,
  author = {Pacione, Michael J},
  title = {Software visualisation for object-oriented program comprehension},
  publisher = {International Conference on Software Engineering},
  address = {Department of Computer and Information Sciences, University of Strathclyde, Glasgow},
  year = {2004},
}

@article{Hendrix:2002:ControlStructureDiagrams,
 author = {Hendrix, Dean and Cross,II, James H. and Maghsoodloo, Saeed},
 title = {The Effectiveness of Control Structure Diagrams in Source Code Comprehension Activities},
 journal = {IEEE Transsactions on Software Engineering},
 volume = {28},
 number = {5},
 month = may,
 year = {2002},
 issn = {0098-5589},
 pages = {463--477},
 numpages = {15},
 publisher = {IEEE Press},
 address = {Piscataway, NJ, USA},
}

@inproceedings{Pacione:2004:NovelModel,
  author = {Pacione, Michael J and Roper, Marc and Wood, Murray},
  title = {A Novel Software Visualisation Model to Support Software Comprehension},
  publisher = {Working Conference on Reverse Engineering},
  address = {Department of Computer and Information Sciences, University of Strathclyde, Livingstone Tower, 26 Richmond Street, Glasgow, G1 1XH, UK},
  year = {2004},
}

Software Analysis Through Complex Networks Theory Articles and Proceedings
________________________________________________________________________________________________________________________

@article{Moura:2003:Signatures,
  author = {Moura, Alessandro P S and Lai, Ying Cheng and Motter, Adilson E},
  title = {Signatures of small-world and scale-free properties in large computer programs},
  publisher = {Physical Review E},
  year = {2003},
  volume = {68},
}

@article{LaBelle:2004:PackageNetworks,
  author = {LaBelle, Nathan and Wallingford, Eugene},
  journal = {Computing Research Repository},
  title = {Inter-Package Dependency Networks in Open-Source Software},
  year = 2004
}


Not validated
________________________________________________________________________________________________________________________

@article{Myers:2003:Complex,
  title = {Software systems as complex networks: structure, function, and evolvability of software collaboration graphs},
  author = {Myers, Christopher R},
  publisher = {Physical Review E},
  volume = {68},
  address = {Cornell Theory Center, Rhodes Hall, Cornell University, Ithaca, New York 14853, USA},
  year = {2003},
}

@article{Letovsky1987:Cognitive,
  title={Cognitive processes in program comprehension},
  author={Letovsky, Stanley},
  journal={Journal of Systems and software},
  volume={7},
  number={4},
  pages={325--339},
  year={1987},
  publisher={Elsevier}
}

@article{Lehman1980:Laws,
  title={Programs, life cycles, and laws of software evolution},
  author={Lehman, Meir M},
  journal={Proceedings of the IEEE},
  volume={68},
  number={9},
  pages={1060--1076},
  year={1980},
  publisher={IEEE}
}

@article{Storey2006:Theories,
  title={Theories, tools and research methods in program comprehension: past, present and future},
  author={Storey, Margaret-Anne},
  journal={Software Quality Journal},
  volume={14},
  number={3},
  pages={187--208},
  year={2006},
  publisher={Springer}
}

@inproceedings{Jahnke2002:Visualizations,
  title={Fused data-centric visualizations for software evolution environments},
  author={Jahnke, Jens H and Müller, Hausi A and Walenstein, Andrew and Mansurov, Nikolai and Wong, Kenny},
  booktitle={Program Comprehension, 2002. Proceedings. 10th International Workshop on},
  pages={187--196},
  year={2002},
  organization={IEEE}
}

@inproceedings{Kienle2007:Requirements,
  title={Requirements of software visualization tools: A literature survey},
  author={Kienle, Holger M and Muller, Hausi A},
  booktitle={Visualizing Software for Understanding and Analysis, 2007. VISSOFT 2007. 4th IEEE International Workshop on},
  pages={2--9},
  year={2007},
  organization={IEEE}
}

@article{Brooks1983:TheoryComprehension,
  title={Towards a theory of the comprehension of computer programs},
  author={Brooks, Ruven},
  journal={International journal of man-machine studies},
  volume={18},
  number={6},
  pages={543--554},
  year={1983},
  publisher={Elsevier}
}

@article{Dijkstra:1972:HumbleProgrammer,
 author = {Dijkstra, Edsger W.},
 title = {The Humble Programmer},
 journal = {Commun. ACM},
 issue_date = {Oct. 1972},
 volume = {15},
 number = {10},
 month = oct,
 year = {1972},
 issn = {0001-0782},
 pages = {859--866},
 numpages = {8},
 url = {http://doi.acm.org/10.1145/355604.361591},
 doi = {10.1145/355604.361591},
 acmid = {361591},
 publisher = {ACM},
 address = {New York, NY, USA},
}

@article{Weifeng:2011:Complex,
  author = {Pan, Weifeng},
  title = {Applying Complex Network Theory to Software Structure Analysis},
  publisher = {International Science Index, Software and Systems Engineering},
  volume = 5,
  number = 12,
  year = 2011
}

@article{Barabasi:1999:EmergenceScaling,
  author = {Barab{\'a}si, Albert L{\'a}szl{\'o} and Albert, R{\'e}ka},
  journal = {Science},
  number = 5439,
  pages = {509-512},
  title = {Emergence of Scaling in Random Networks},
  volume = 286,
  year = 1999
}

@article{Strogatz:1998:Networks,
  author = {Watts, Duncan James and Strogatz, Steven Henry},
  journal = {Nature},
  month = jun,
  number = 6684,
  pages = {440--442},
  title = {Collective dynamics of 'small-world' networks.},
  volume = 393,
  year = 1998
}

@article{Valverde:2002:Complex,
  author={Valverde, Sergi and Cancho, Ramon Ferrer i and Solé, Ricard Vicent},
  title={Scale-free networks from optimal design},
  journal={Europhysics Letters},
  volume={60},
  number={4},
  year={2002},
}

@article{Valverde:2003:Complex,
  title={Hierarchical small worlds in software architecture},
  author={Valverde, Sergi and Sol{\'e}, Ricard V},
  journal={Software Engineering and Complex Networks Dynamics of Continuous, Discrete and Impulsive Systems Series B},
  year={2003}
}

@article{Potanin:2005:scale,
  title={Scale-free geometry in OO programs},
  author={Potanin, Alex and Noble, James and Frean, Marcus and Biddle, Robert},
  journal={Communications of the ACM},
  volume={48},
  number={5},
  pages={99--103},
  year={2005},
  publisher={ACM}
}

@article{Engblom:ReverseDebuggin:2012,
  title = {A review of reverse debugging},
  author = {Engblom, Jakob},
  publisher = {System, Software, SoC and Silicon Debug Conference},
  year = {2012}
}
